% Encoding: UTF-8

@Book{BRINK2013,
  author    = {Alfred Brink},
  title     = {Anfertigung wissenschaftlicher Arbeiten},
  edition   = {4., korr. und aktual. Aufl.},
  location  = {Wiesbaden},
  year      = {2013},
}

@misc{Pruefungsordnung2011,
  author  = {{Staatliche Studienakademie Glauchau}},
  date    = {2011-03-01},
  title   = {Prüfungsordnung für die Diplomstudiengänge der Berufsakademie Sachsen}
}

@Book{DIN2011,
  author    = {{DIN Deutsches Institut für Normung}},
  title     = {Schreib- und Gestaltungsregeln für die Textverarbeitung: Sonderdruck DIN 5008:2011},
  edition   = {5. Aufl.},
  location  = {Berlin},
  year      = {2011},
}

@Book{SCHWEITZER2003,
  author    = {Marcell Schweitzer and Hans-Ulrich Küpper},
  title     = {Systeme der Kosten- und Erlösrech-nung},
  edition   = {8., überarb. u. erw. Aufl.},
  location  = {München},
  year      = {2003},
}



@Comment{jabref-meta: databaseType:biblatex;}
